@book{payne2014art,
  title={The art of asking questions: Studies in public opinion, 3},
  author={Payne, Stanley Le Baron},
  volume={451},
  year={2014},
  publisher={Princeton University Press}
}